<record><leader>00000cas a2200000 a 4500</leader><controlfield tag="001">10760822</controlfield><controlfield tag="008">840522d18241851maudn ne      0    0eng c</controlfield><datafield ind1=" " ind2=" " tag="010"><subfield code="a">sn 84023099 </subfield></datafield><datafield ind1=" " ind2=" " tag="040"><subfield code="a">AQM</subfield><subfield code="b">eng</subfield><subfield code="c">AQM</subfield><subfield code="d">NPX</subfield><subfield code="d">NPU</subfield><subfield code="d">DLC</subfield><subfield code="d">NPA</subfield><subfield code="d">MGN</subfield><subfield code="d">KNP</subfield><subfield code="d">MGN</subfield><subfield code="d">CNK</subfield><subfield code="d">MGN</subfield><subfield code="d">FUG</subfield><subfield code="d">NVK</subfield><subfield code="d">NVF</subfield><subfield code="d">OCL</subfield><subfield code="d">NYS</subfield><subfield code="d">OCLCG</subfield><subfield code="d">CRL</subfield><subfield code="d">KRTAS</subfield><subfield code="d">OCLCQ</subfield><subfield code="d">OCLCF</subfield><subfield code="d">OCLCO</subfield></datafield><datafield ind1="1" ind2=" " tag="029"><subfield code="a">AU@</subfield><subfield code="b">000003324533</subfield></datafield><datafield ind1=" " ind2=" " tag="042"><subfield code="a">pcc</subfield></datafield><datafield ind1=" " ind2=" " tag="043"><subfield code="a">n-us-ma</subfield></datafield><datafield ind1="0" ind2="0" tag="050"><subfield code="a">Newspaper 8200</subfield></datafield><datafield ind1="0" ind2=" " tag="130"><subfield code="a">Boston courier (Boston, Mass. : 1824)</subfield></datafield><datafield ind1="1" ind2="0" tag="245"><subfield code="a">Boston courier.</subfield></datafield><datafield ind1=" " ind2=" " tag="260"><subfield code="a">[Boston, Mass.] :</subfield><subfield code="b">Joseph T. Buckingham,</subfield><subfield code="c">1824-1851.</subfield></datafield><datafield ind1=" " ind2=" " tag="300"><subfield code="a">v. ;</subfield><subfield code="c">51 cm.</subfield></datafield><datafield ind1=" " ind2=" " tag="310"><subfield code="a">Daily (except Sunday)</subfield></datafield><datafield ind1="0" ind2=" " tag="362"><subfield code="a">Vol. 1, no. 1 (Mar. 1, 1824)-v. 55, no. 10,157 (Apr. 5, 1851).</subfield></datafield><datafield ind1=" " ind2=" " tag="500"><subfield code="a">Publishers: J.T. &amp; J.H. Buckingham, 1827-1828; J.T. Buckingham, 1828-June 28, 1831, June 26, 1833-1836; J.T. &amp; E. Buckingham, June 29, 1831-June 25, 1833; J.T. &amp; J.H. Buckingham, E.B. Foster, Nov. 28, 1836-Jan. 1, 1839; Jos. T. Buckingham &amp; Eben B. Foster, Jan. 2, 1839-June 23, 1848; E.B. Foster &amp; Co., June 24, 1848-1851.</subfield></datafield><datafield ind1=" " ind2=" " tag="500"><subfield code="a">Editors: J.T. Buckingham, 1824-June 23, 1848; J.H. Buckingham, 1827-1828; E. Buckingham, 1831-1833; S. Kettell, June 24, 1848-1851.</subfield></datafield><datafield ind1=" " ind2=" " tag="530"><subfield code="a">Available on microfilm from Graphic Microfilm, Inc.</subfield></datafield><datafield ind1=" " ind2=" " tag="580"><subfield code="a">Triweekly ed.: Boston courier (Boston, Mass. : 1824 : Triweekly), 1824-&lt;1827&gt;.</subfield></datafield><datafield ind1=" " ind2=" " tag="580"><subfield code="a">Semiweekly ed.: Boston courier (Boston, Mass. : 1826), &lt;1826&gt;-1851.</subfield></datafield><datafield ind1=" " ind2=" " tag="580"><subfield code="a">Weekly ed.: Boston courier (Boston, Mass. : 1837), 1837-1851.</subfield></datafield><datafield ind1=" " ind2=" " tag="588"><subfield code="a">Description based on: Vol. 19, no. 5468 (Jan. 1, 1842).</subfield></datafield><datafield ind1=" " ind2=" " tag="588"><subfield code="a">Latest issue consulted: Vol. 55, no. 10,157 (Apr. 5, 1851).</subfield></datafield><datafield ind1=" " ind2="0" tag="651"><subfield code="a">Boston (Mass.)</subfield><subfield code="v">Newspapers.</subfield></datafield><datafield ind1=" " ind2="0" tag="651"><subfield code="a">Suffolk County (Mass.)</subfield><subfield code="v">Newspapers.</subfield></datafield><datafield ind1=" " ind2="7" tag="655"><subfield code="a">Newspapers.</subfield><subfield code="2">fast</subfield><subfield code="0">(OCoLC)fst01423814</subfield></datafield><datafield ind1=" " ind2="7" tag="651"><subfield code="a">Massachusetts</subfield><subfield code="z">Boston.</subfield><subfield code="2">fast</subfield><subfield code="0">(OCoLC)fst01205012</subfield></datafield><datafield ind1=" " ind2="7" tag="651"><subfield code="a">Massachusetts</subfield><subfield code="z">Suffolk County.</subfield><subfield code="2">fast</subfield><subfield code="0">(OCoLC)fst01206189</subfield></datafield><datafield ind1="1" ind2=" " tag="700"><subfield code="a">Buckingham, Joseph T.</subfield><subfield code="q">(Joseph Tinker),</subfield><subfield code="d">1779-1861.</subfield></datafield><datafield ind1="1" ind2=" " tag="700"><subfield code="a">Kettell, Samuel,</subfield><subfield code="d">1800-1855.</subfield></datafield><datafield ind1=" " ind2=" " tag="752"><subfield code="a">United States</subfield><subfield code="b">Massachusetts</subfield><subfield code="c">Suffolk</subfield><subfield code="d">Boston.</subfield></datafield><datafield ind1="1" ind2=" " tag="775"><subfield code="t">Boston courier (Boston, Mass. : 1824 : Triweekly)</subfield><subfield code="w">(DLC)sn 84023102</subfield><subfield code="w">(OCoLC)10760981</subfield></datafield><datafield ind1="1" ind2=" " tag="775"><subfield code="t">Boston courier (Boston, Mass. : 1826)</subfield><subfield code="w">(DLC)sn 84023100</subfield><subfield code="w">(OCoLC)10760892</subfield></datafield><datafield ind1="1" ind2=" " tag="775"><subfield code="t">Boston courier (Boston, Mass. : 1837)</subfield><subfield code="w">(DLC)sn 84023126</subfield><subfield code="w">(OCoLC)2635023</subfield></datafield><datafield ind1="0" ind2="0" tag="785"><subfield code="t">Boston daily courier</subfield><subfield code="w">(DLC)sn 84023125</subfield><subfield code="w">(OCoLC)2258512</subfield></datafield><datafield ind1=" " ind2=" " tag="938"><subfield code="a">Kirtas Technologies, Inc.</subfield><subfield code="b">KRTS</subfield><subfield code="n">738452</subfield></datafield></record>